<?xml version="1.0" encoding="UTF-8"?><collection xmlns="http://www.loc.gov/MARC21/slim"><record><leader>00569nam--2200193-i-4500</leader><controlfield tag="001">000031580</controlfield><controlfield tag="002">20161230</controlfield><controlfield tag="005">20161230201038</controlfield><controlfield tag="008">060222s1000------------r-----000-0-eng-d</controlfield><datafield ind1=" " ind2=" " tag="020"><subfield code="a">0306308657</subfield></datafield><datafield ind1=" " ind2=" " tag="040"><subfield code="a">IFIN-HH</subfield></datafield><datafield ind1=" " ind2=" " tag="080"><subfield code="a">537.611.2:539.2</subfield></datafield><datafield ind1="1" ind2=" " tag="100"><subfield code="a">Lopuszanski, Jan T./S.A.</subfield></datafield><datafield ind1="1" ind2="0" tag="245"><subfield code="a">Magnetism in metals and metallic compounds</subfield><subfield code="c">Jan t. lopuszanski, andrzej pekalski, jerzy przystawa (eds.)</subfield></datafield><datafield ind1=" " ind2=" " tag="260"><subfield code="a">New York</subfield><subfield code="b">Plenum Press</subfield><subfield code="c">1974</subfield></datafield><datafield ind1=" " ind2=" " tag="300"><subfield code="a">XIII+626P</subfield></datafield><datafield ind1="1" ind2=" " tag="700"><subfield code="a">Przystawa, Jerzy</subfield><subfield code="e">Ed</subfield></datafield><datafield ind1=" " ind2=" " tag="852"><subfield code="a">43515</subfield><subfield code="c">539.2</subfield></datafield><datafield ind1=" " ind2=" " tag="CAT"><subfield code="a">Sys</subfield><subfield code="c">20121025</subfield><subfield code="h">130304</subfield></datafield></record></collection>